@misc{okada-si2020,
author = {眞也, 岡田 and 優祐, 清岡 and 隆一, 上田 and 靖男, 林原},
title = {"視覚と行動のend-to-end学習により経路追従行動をオンラインで模倣する手法の提案''},
howpublished = {計測自動制御学会 SI 部門講演会 SICE-SI2020 予稿集},
year = {2020},
note = {pp.1147-1152},
}

@misc{okada-si2021,
author = {眞也, 岡田 and 優祐, 清岡 and 健太, 春山 and 隆一, 上田 and 靖男, 林原},
title = {"視覚と行動のend-to-end学習により経路追従行動をオンラインで模倣する手法の提案-“経路追従行動の修正のためにデータセットを動的に追加する手法の検討''},
howpublished = {計測自動制御学会 SI 部門講演会 SICE-SI2021 予稿集},
year = {2021},
note = {pp.1066-1070},
}

@misc{bojaski,
author = {Mariusz Bojarski et al.},
title = {""End to End Learning for Self-Driving Cars.""},
howpublished = {arXiv},
year = {2016},
note = {arXiv:1604.07316},
}

@misc{Jing,
% author = {Jing Bi, Tianyou Xiao, Qiuyue Sun, Chenliang Xu.},
% title = {""Navigation by Imitation in a Pedestrian-Rich Environment""},
% howpublished = {arXiv},
% year = {2018},
% note = {arXiv:1811.00560},
}

@misc{navigation,
author = {},
title = {ros-planning, navigation},
howpublished = {\\\url{https://github.com/ros-planning/navigation}},
month = {},
year = {},
note = {\\最終閲覧日 \today},
}

@misc{mnist,
author = {},
title = {The MNIST database of handwritten digits},
howpublished = {\\\url{http://yann.lecun.com/exdb/mnist/}},
month = {},
year = {},
note = {\\最終閲覧日 \today},
}

@misc{offline,
author = {祐樹, 髙橋 and 和暉, 白須 and 柾, 藤原 and 隆一, 上田 and 靖男, 林原},
title = {”視覚と行動のend-to-end学習による経路追従行動の模倣 -データセットを収集してオフラインで訓練する手法の検討-”},
howpublished = {日本機械学会ロボティクス・メカトロニクス講演会2023講演論文集},
month = {},
year = {2023},
note = {2P1-G07},
}

@misc{gazebo,
author = {},
title = {gazebo.},
howpublished = {\\\url{http://gazebosim.org/.}},
month = {},
year = {},
note = {\\最終閲覧日 \today \\},
}

@misc{willow,
author = {Koenig and Nathan and Andrew Howard.},
title = {"Design and use paradigms for gazebo, an open-source multi-robot simulator."},
howpublished = {2004 IEEE/RSJ International Conference on Intelligent Robots and Systems (IROS)(IEEE Cat. No. 04CH37566). Vol. 3. IEEE, pp.2149-2154(2004).},
month = {},
year = {},
note = {\\最終閲覧日 \today},
}

@misc{turtlebot3,
author = {},
title = {Turtlebot3 — robotis emanual.robotis.},
howpublished = {\\\url{https://emanual.robotis.com/docs/}},
month = {},
year = {},
note = {\\最終閲覧日 \today},
}